@article{ almeida2010,
title = "Multi-agent {M}odeling and {S}imulation of an {A}edes {A}egypti {M}osquito {P}opulation ",
journal = "Environmental Modelling {\&} Software ",
volume = "25",
number = "12",
pages = "1490 - 1507",
year = "2010",
url = "http://www.sciencedirect.com/science/article/pii/S1364815210001398",
author = "de Almeida, Sandro Jerônimo and Ferreira, Ricardo Poley Martins and Eiras, Álvaro E. and Obermayr, Robin P. and Geier, Martin",
}




@article{ breugel2015,
title = "Mosquitoes {U}se {V}ision to {A}ssociate {O}dor {P}lumes with {T}hermal {T}argets ",
author = "Van Breugel, Floris and Riffell, Jeff and Fairhall, Adrienne and Dickinson, Micheal H.",
journal = "Current Biology ",
volume = "25",
number = "16",
pages = "2123 - 2129",
year = "2015",
note = "",
issn = "0960-9822",
url = "http://www.sciencedirect.com/science/article/pii/S096098221500740X",
}

@article{ cummins2012,
author={Cummins, Bree and Cortez, Ricardo and Foppa, Ivo M. and Walbeck, Justin and Hyman, James M.},
title={A {S}patial {M}odel of {M}osquito {H}ost-{S}eeking {B}ehavior},
year={2012},
}

@inproceedings{ duparre2004,
author = {Duparr{\'e}, Jacques W. and Schreiber, Peter and Dannberg, Peter and Scharf, Toralf and Pelli, Petri and Voelkel, Reinhard and Herzig, Hans-Peter and Braeuer, Andreas},
title = {Artificial {C}ompound {E}yes: Different {C}oncepts and their {A}pplication for {U}ltraflat {I}mage {A}cquisition {S}ensors},
journal = {Proc. SPIE},
volume = {5346},
number = {},
pages = {89-100},
year = {2004},
URL = { http://dx.doi.org/10.1117/12.530208},
}
  	
@article{ duparre2006,
  author={Duparr{\'e}, J W and Wippermann, F C},
  title={Micro-{O}ptical {A}rtificial {C}ompound {E}yes},
  journal={Bioinspiration \& Biomimetics},
  volume={1},
  number={1},
  pages={R1},
  url={http://stacks.iop.org/1748-3190/1/i=1/a=R01},
  year={2006},
}
	
@misc { giger,
author="Giger, Andy",
title="B-{EYE}",
URL={http://andygiger.com/},
note={[Online, accessed 15 January 2016]}
}

@article{ guerenstein2008,
author = { Guerenstein, Pablo G. and Hildebrand, John G.},
title = {Roles and {E}ffects of {E}nvironmental {C}arbon {D}ioxide in {I}nsect {L}ife},
journal = {Annual Review of Entomology},
volume = {53},
number = {1},
pages = {161-178},
year = {2008},
URL = { 
        http://dx.doi.org/10.1146/annurev.ento.53.103106.093402 
},

}

@Article{ hamanaka1996,
author="Hamanaka, Kenjiro and Koshi, Hiroshi",
title="An {A}rtificial {C}ompound {E}ye {U}sing a {M}icrolens {A}rray and {I}ts {A}pplication to {S}cale-{I}nvariant {P}rocessing",
journal="Optical Review",
volume="3",
number="4",
pages="264--268",
year="1996",
url="http://dx.doi.org/10.1007/s10043-996-0264-6"
}

@phdthesis{ iams2014,
author={Iams, Sarah},
title={Characterizing {M}osquito {F}light {U}sing {M}easurement and {S}imulation},
year={2014},
school="Cornell {U}university",
publisher={Cambridge University Press}
}

@book{ lehane2005,
	author={Lehane, M J},
	title={The {B}iology of {B}lood-{S}ucking in {I}nsects},
	year="2005",

}

@INPROCEEDINGS{ lichtensteiger1999, 
author={Lichtensteiger, L. and Eggenberger, P.}, 
booktitle={Advanced Mobile Robots, 1999. (Eurobot '99) 1999 Third European Workshop on}, 
title={Evolving the {M}orphology of a {C}ompound {E}ye on a {R}obot}, 
year={1999}, 
pages={127-134}, 
month={},
}

@INPROCEEDINGS{ martin1994, 
author={Martin, N. and Franceschini, N.}, 
booktitle={Intelligent Vehicles '94 Symposium, Proceedings of the}, 
title={Obstacle {A}voidance and {S}peed {C}ontrol in a {M}obile {V}ehicle {E}quipped with a {C}ompound {E}ye}, 
year={1994}, 
pages={381-386}, 
month={Oct},
}

@article { muir1992,
author={Muir, L E and Thorne, M J and Kay, B H},
title={Aedes {A}egypti ({D}iptera: {C}ulicidae) {V}ision: {S}pectral {S}ensitivity and other {P}erceptual {P}arameters of the {F}emale {E}ye},
year={1992},
journal={Journal of medical Entomology},
month={March},
volume={29},
number={2},
pages={278--281}
}

@incollection{ neumann2002,
year={2002},
booktitle={Biologically Motivated Computer Vision},
volume={2525},
series={Lecture Notes in Computer Science},
editor={Bülthoff, HeinrichH. and Wallraven, Christian and Lee, Seong-Whan and Poggio, TomasoA.},
title={Modeling {I}nsect {C}ompound {E}yes: Space-{V}ariant {S}pherical {V}ision},
url={http://dx.doi.org/10.1007/3-540-36181-2_36},
publisher={Springer Berlin Heidelberg},
author={Neumann, TitusR.},
pages={360-367},
}

	
@MISC { howstuff,
	author = "Freudenrich, Craig",
	title = "How {M}osquitoes {W}ork",
	year = "2001",
	month="July",
	url = "\url{http://animals.howstuffworks.com/insects/mosquito.htm}",
	note = "[Online; accessed 15 January 2016]"
}

@INPROCEEDINGS{ schenato2001, 
author={Schenato, L. and Deng, X. and Wu, W.C. and Sastry, S.}, 
booktitle={Robotics and Automation, 2001. Proceedings 2001 ICRA. IEEE International Conference on}, 
title={Virtual {I}nsect {F}light {S}imulator (VIFS): A {S}oftware {T}estbed for {I}nsect {F}light}, 
year={2001}, 
volume={4}, 
pages={3885-3892}, 
month={},
}

@article{ sharpless2010,
	author="Sharpless, K. Thomas and Postle, Bruno and German, M. Daniel",
	title="Pannini: A {N}ew {P}rojection for {R}endering {W}ide {A}ngle {P}erscpective {I}mages",
	journal="Computational {A}esthetics in {G}raphics, {V}isualization, and {I}maging",
	year="2010"
}

@misc{ sharplessWeb,
	author="Sharpless, K. Thomas",
	title="The {P}annini {P}rojection",
	url="\url{http://tksharpless.net/vedutismo/Pannini/}",
	note="[Accessed online 18 January 2016]"
}

@article { singh2013,
	author="Singh, P.S. and Mohan, Lalit",
	title="Variations in the {O}mmatidia and {C}ompound {E}yes of {T}hree {S}pecies of {M}osquito {V}ectors",
	journal="Journal of {E}ntomology and {Z}oology {S}tudies",
	pages="16--21",
	volume="1",
	number="5",
	year="2013"
}

@article{ voelkel2003,
title = "Miniaturized {I}maging {S}ystems ",
journal = "Microelectronic Engineering ",
volume = "67--68",
number = "",
pages = "461 - 472",
year = "2003",
note = "Proceedings of the 28th International Conference on Micro- and Nano-Engineering ",
url = "http://www.sciencedirect.com/science/article/pii/S0167931703001023",
author = {V\"{o}lkel, R. and Eisner, M. and Weible, K.J.},
}

@article { vorobyev1996,
author={Vorobyev, Misha and Gumbert, Andreas and Kunze, Jan and Giurfa, Martin},
title={Flowers through {I}nsect {E}yes},
journal={Israel Journal of Plant Sciences},
	volume={45},
	number={2-3},
	year={1997}
}

@article{ williams2007,
author={Williams, S and Dyer, A},
title={A {P}hotopraphic {S}imulation of {I}nsect {V}ision},
pages={10-14},
	volume={29},
	number={1},
	year={2007},
	journal={The Journal of Ophthalmic Photography}
}

	








